<record><leader>00000cas a22000007a 4500</leader><controlfield tag="001">19091269</controlfield><controlfield tag="008">890201d19311933mouwr ne      0    0eng d</controlfield><datafield ind1=" " ind2=" " tag="010"><subfield code="a">sn 89066245 </subfield></datafield><datafield ind1=" " ind2=" " tag="040"><subfield code="a">MQN</subfield><subfield code="b">eng</subfield><subfield code="c">MQN</subfield><subfield code="d">OCLCQ</subfield></datafield><datafield ind1=" " ind2=" " tag="042"><subfield code="a">msc</subfield></datafield><datafield ind1="0" ind2="0" tag="245"><subfield code="a">Saline County republican.</subfield></datafield><datafield ind1=" " ind2=" " tag="260"><subfield code="a">Malta Bend, Mo. :</subfield><subfield code="b">Herbert T. Lunbeck,</subfield><subfield code="c">1931-1933.</subfield></datafield><datafield ind1=" " ind2=" " tag="300"><subfield code="a">v.</subfield></datafield><datafield ind1=" " ind2=" " tag="310"><subfield code="a">Weekly</subfield></datafield><datafield ind1="0" ind2=" " tag="362"><subfield code="a">Vol. 6, no. 46 (Nov. 26, 1931)-v. 8, no. 52 (Dec. 28, 1933).</subfield></datafield><datafield ind1=" " ind2=" " tag="752"><subfield code="a">United States</subfield><subfield code="b">Missouri</subfield><subfield code="c">Saline</subfield><subfield code="d">Malta Bend.</subfield></datafield><datafield ind1="0" ind2="0" tag="780"><subfield code="t">Malta Bend community weekly</subfield><subfield code="w">(DLC)sn 89066244</subfield></datafield><datafield ind1="0" ind2="0" tag="785"><subfield code="t">Saline County record</subfield><subfield code="w">(DLC)sn 89066218</subfield></datafield></record>